<?xml version="1.0" encoding="utf-8"?>
<record xmlns="http://www.loc.gov/MARC21/slim" xmlns:xsi="http://www.w3.org/2001/XMLSchema-instance" xsi:schemaLocation="http://www.loc.gov/MARC21/slim http://www.loc.gov/standards/marcxml/schema/MARC21slim.xsd">
	<leader>     nam a22     Mi 4500</leader>
	<controlfield tag="001">b13154783</controlfield>
	<controlfield tag="003">UaCaAUL</controlfield>
	<controlfield tag="006">m        d        </controlfield>
	<controlfield tag="007">cr cn |||m|||a</controlfield>
	<controlfield tag="008">180301s1939    ua      o     000 0 ara d</controlfield>
	<datafield ind1=" " ind2=" " tag="040">
		<subfield code="a">ZYU</subfield>
		<subfield code="b">eng</subfield>
		<subfield code="e">rda</subfield>
		<subfield code="c">ZYU</subfield>
	</datafield>
	<datafield ind1=" " ind2="4" tag="050">
		<subfield code="a">D725</subfield>
		<subfield code="b">.N374 1939</subfield>
	</datafield>
	<datafield ind1=" " ind2=" " tag="066">
		<subfield code="c">(3</subfield>
	</datafield>
	<datafield ind1=" " ind2=" " tag="090">
		<subfield code="a">D725</subfield>
		<subfield code="b">.N36 1939</subfield>
	</datafield>
	<datafield ind1="1" ind2=" " tag="100">
		<subfield code="6">880-01</subfield>
		<subfield code="a">Nashāshībī, Anwar,</subfield>
		<subfield code="e">author.</subfield>
	</datafield>
	<datafield ind1="1" ind2="0" tag="245">
		<subfield code="6">880-02</subfield>
		<subfield code="a">Min Miyūnikh ilá wārsū, aw, al-Siyāsah al-ʻālamīyah fī ʻām :</subfield>
		<subfield code="b">majmūʻat aḥādīth siyāsīyah udhīʻat min maḥaṭṭat Maṣlaḥat al-Idhāʻah al-Filasṭīnīyah /</subfield>
		<subfield code="c">bi-qalam Anwar al-Nashāshībī, mājistīr fī al-Ḥuqūq min Jāmiʻat Landan, lisāns fī al-Ḥuqūq min Jāmiʻat Bārīs, dublūm fī al-ʻUlūm al-Idārīyah wa-al-Mālīyah min Jāmiʻat Mūnbilīh, ḥāʼiz ʻalá shahādat Muʼassasat al-Muḥāmāh al-Injilīzīyah &quot;Jirīz Inn&quot;.</subfield>
	</datafield>
	<datafield ind1="3" ind2="3" tag="246">
		<subfield code="6">880-03</subfield>
		<subfield code="a">Siyāsah al-ʻālamīyah fī ʻām.</subfield>
	</datafield>
	<datafield ind1=" " ind2="1" tag="264">
		<subfield code="6">880-04</subfield>
		<subfield code="a">al-Quds :</subfield>
		<subfield code="b">[publisher not identified],</subfield>
		<subfield code="c">[1939]</subfield>
	</datafield>
	<datafield ind1=" " ind2="3" tag="264">
		<subfield code="6">880-05</subfield>
		<subfield code="a">al-Quds :</subfield>
		<subfield code="b">al-Maṭbaʻah al-tujārīyah,</subfield>
		<subfield code="c">[1939]</subfield>
	</datafield>
	<datafield ind1=" " ind2=" " tag="300">
		<subfield code="a">online resource (157 pages)</subfield>
	</datafield>
	<datafield ind1=" " ind2=" " tag="336">
		<subfield code="a">text</subfield>
		<subfield code="2">rdacontent</subfield>
	</datafield>
	<datafield ind1=" " ind2=" " tag="337">
		<subfield code="a">computer</subfield>
		<subfield code="2">rdamedia</subfield>
	</datafield>
	<datafield ind1=" " ind2=" " tag="338">
		<subfield code="a">online resource</subfield>
		<subfield code="2">rdacarrier</subfield>
	</datafield>
	<datafield ind1=" " ind2=" " tag="500">
		<subfield code="a">Intro. dated 1939.</subfield>
	</datafield>
	<datafield ind1=" " ind2=" " tag="500">
		<subfield code="6">880-06</subfield>
		<subfield code="a">Ḥuqūq al-Ṭabʻ maḥfūẓah.</subfield>
	</datafield>
	<datafield ind1=" " ind2=" " tag="500">
		<subfield code="a">Includes Errata page.</subfield>
	</datafield>
	<datafield ind1=" " ind2=" " tag="500">
		<subfield code="a">Part of the Arabic Collections Online (ACO) project, contributed by American University in Cairo Library.</subfield>
	</datafield>
	<datafield ind1=" " ind2=" " tag="533">
		<subfield code="a">Electronic reproduction.</subfield>
		<subfield code="b">New York, N.Y. :</subfield>
		<subfield code="c">New York University,</subfield>
		<subfield code="d">2018.</subfield>
		<subfield code="5">NNU</subfield>
	</datafield>
	<datafield ind1=" " ind2="0" tag="650">
		<subfield code="a">World politics</subfield>
		<subfield code="y">1933-1945.</subfield>
	</datafield>
	<datafield ind1="2" ind2=" " tag="710">
		<subfield code="a">American University in Cairo.</subfield>
		<subfield code="b">Library.</subfield>
	</datafield>
	<datafield ind1="0" ind2=" " tag="730">
		<subfield code="a">Arabic Collections Online.</subfield>
	</datafield>
	<datafield ind1="0" ind2="8" tag="776">
		<subfield code="i">Print version:</subfield>
		<subfield code="a">Nashāshībī, Anwar, author.</subfield>
		<subfield code="t">Min Miyūnikh ilá wārsū, aw, al-Siyāsah al-ʻālamīyah fī ʻām</subfield>
		<subfield code="w">(UaCaAUL)b13154783</subfield>
	</datafield>
	<datafield ind1="4" ind2="0" tag="856">
		<subfield code="u">http://hdl.handle.net/2333.1/3bk3jh3j</subfield>
	</datafield>
	<datafield ind1="1" ind2=" " tag="880">
		<subfield code="6">100-01</subfield>
		<subfield code="a">نشاشيبي، أنور..</subfield>
	</datafield>
	<datafield ind1="1" ind2="0" tag="880">
		<subfield code="6">245-02</subfield>
		<subfield code="a">من ميونخ إلى وارسو، أو، السياسة العالمية في عام :‪</subfield>
		<subfield code="b">مجموعة أحاديث سياسية أذيعت من محطة مصلحة الإذاعة الفلسطينية /‪</subfield>
		<subfield code="c">بقلم أنور النشاشيبي، ماجستير في الحقوق من جامعة لندن، لسانس في الحقوق من جامعة باريس، دبلوم في العلوم الإدارية والمالية من جامعة مونبليه، حائز على شهادة مؤسسة المحاماه الإنجليزية &quot;جريز ان&quot;..</subfield>
	</datafield>
	<datafield ind1="3" ind2="0" tag="880">
		<subfield code="6">246-03</subfield>
		<subfield code="a">سياسة العالمية في عام.</subfield>
	</datafield>
	<datafield ind1=" " ind2="1" tag="880">
		<subfield code="6">264-04</subfield>
		<subfield code="a">القدس :‪</subfield>
		<subfield code="b">[publisher not identified],</subfield>
		<subfield code="c">[1939]</subfield>
	</datafield>
	<datafield ind1=" " ind2="3" tag="880">
		<subfield code="6">264-05</subfield>
		<subfield code="a">القدس :‪</subfield>
		<subfield code="b">المطبعة التجارية،‪</subfield>
		<subfield code="c">[1939]</subfield>
	</datafield>
	<datafield ind1=" " ind2=" " tag="880">
		<subfield code="6">500-06</subfield>
		<subfield code="a">حقوق الطبع محفوظة..</subfield>
	</datafield>
	<datafield ind1=" " ind2=" " tag="902">
		<subfield code="a">170731</subfield>
	</datafield>
	<datafield ind1=" " ind2=" " tag="959">
		<subfield code="a">NNU</subfield>
		<subfield code="b">WEB</subfield>
		<subfield code="c">GENI</subfield>
		<subfield code="t">0</subfield>
		<subfield code="m">Electronic access</subfield>
		<subfield code="s">01</subfield>
	</datafield>
	<datafield ind1=" " ind2=" " tag="999">
		<subfield code="i">UaCaAUL_b13154783</subfield>
		<subfield code="s">auc_aco000253</subfield>
	</datafield>
</record>
